@book{Duderstadt1976,
address = {New York},
author = {Duderstadt, James J. and Hamilton, Louis J.},
edition = {1},
publisher = {John Wiley \& Sons, Inc.},
title = {{Nuclear Reactor Analysis}},
year = {1976}
}
@book{Duderstadt1979,
address = {New York},
author = {Duderstadt, James J. and Martin, William R.},
publisher = {John Wiley \& Sons, Inc.},
title = {{Transport Theory}},
year = {1979}
}
@book{Lewis1993,
address = {La Grange Park, IL},
author = {Lewis, E. E. and Miller, Jr. W. F.},
edition = {1},
publisher = {American Nuclear Society},
title = {{Computational Methods of Neutron Transport}},
year = {1993}
}
